@misc{cisco-japan,
  author={Cisco},
  title={Cisco launches digitization program in japan to support inclusive pandemic recovery},
  url={https://newsroom.cisco.com/c/r/newsroom/en/us/a/y2021/m02/cisco-launches-digitization-program-in-japan-to-support-inclusive-pandemic-recovery.html},
  journal={Cisco Newsroom},
  year={2021}
}

@misc{cisco-4506,
  author       = {Cisco},
  title        = {End-of-Sale and End-of-Life Announcement for the Cisco Catalyst C4500E Series},
  year         = {2019},
  url={https://www.cisco.com/c/en/us/products/collateral/switches/catalyst-4500-series-switches/eos-eol-notice-c51-743088.html}
}

@misc{floor-space,
  author       = {Matthijs von Piekartz},
  url          = {https://skepp.com/en/blog/office-tips/this-is-how-many-square-meters-of-office-space-you-need-per-person#calculator},
  title        = {How many square meters of office space do you need per person},
  year         = {2019}
}

@article{top7-BitLyft,
  author          = {Jasoon Miller},
  journal         = {BitLyft},
  title           = {Top 7 Cyber Threats for Manufacturing Companies},
  year            = {2021},
  url             = {https://www.bitlyft.com/resources/cyber-threats-manufacturing-companies},
}

@misc{mac-spoofing,
  author       = {Isha Upadhyay},
  title        = {MAC Spoofing Attack: All You Need to Know in 6 important points},
  year         = {2020},
  journal      = {Jigsaw Academy},
  url          = {https://www.jigsawacademy.com/blogs/cyber-security/mac-spoofing-attack/}
}

@misc{arp-posioning,
  author       = {Robert Grimmick},
  journal      = {Varonis},
  title        = {ARP Poisoning: What it is \& How to Prevent ARP Spoofing Attacks},
  year         = {2021},
  url          = {https://www.varonis.com/blog/arp-poisoning},
}

@misc{cisco-firewall,
  author       = {Cisco},
  title        = {What is a firewall?},
  year         = {2021},
  url          = {https://www.cisco.com/c/en_uk/products/security/firewalls/what-is-a-firewall.html},
}

@misc{solarwinds,
  author       = {Solarwinds},
  title        = {Network Performance Monitor - Onsite \& Remote Monitoring},
  year         = {2022},
  url          = {https://www.solarwinds.com/network-performance-monitor},
}

@misc{datadog,
  author       = {Datadog},
  title        = {Network Performance Monitoring},
  year         = {2022},
  url          = {https://www.datadoghq.com/product/network-monitoring/network-performance-monitoring/},
}

@misc{helpsystems,
  author       = {Helpsystems},
  title        = {Intermapper | Network Monitoring Software},
  year         = {2022},
  url          = {https://www.helpsystems.com/products/network-monitoring-software},
}

@misc{layer2-lc-datasheet,
  author       = {Cisco},
  title        = {Cisco Catalyst 9400 Series Switch Line Cards Data Sheet},
  year         = {2022},
  url          = {https://www.cisco.com/c/en/us/products/collateral/switches/catalyst-9400-series-switches/nb-06-cat9400-series-line-data-sheet-cte-en.html},
}

@misc{layer3-lc-datasheet,
  author       = {Cisco},
  url          = {https://www.cisco.com/c/en/us/products/collateral/interfaces-modules/catalyst-4500-series-line-cards/product_data_sheet0900aecd802109ea.html},
  title        = {Cisco Catalyst 4500 Series Line Cards Data Sheet},
  year         = {2016}
}

@misc{mm-fiber-stats,
  author       = {FlukeNetworks},
  url          = {https://www.flukenetworks.com/knowledge-base/copper-testing/om1-om2-om3-om4-om5-and-os1-os2-fiber},
  title        = {OM1, OM2, OM3, OM4, OM5 and OS1, OS2 Fiber},
  year         = {n.d}
}

@misc{ups-specs,
  author       = {APC},
  url          = {https://www.apc.com/shop/uk/en/products/APC-Easy-UPS-On-Line-SRV-10000VA-230V-with-Extended-Runtime-Battery-Pack/P-SRV10KIL},
  title        = {APC Easy UPS On-Line SRV 10000VA 230V},
  year         = {n.d}
}

@misc{bp-specs,
  author       = {APC},
  url          = {https://www.apc.com/shop/uk/en/products/APC-Easy-UPS-On-Line-SRV-Battery-Pack-6-10kVA-for-Extended-Runtime-Model-240V-2160VAh/P-SRV240BP-9A},
  title        = {APC Easy UPS On-Line SRV Battery Pack (6/10kVA)},
  year         = {n.d}
}